@article{gelm:veht:2021,
  author = {Andrew Gelman and Aki Vehtari},
  title = {{What are the Most Important Statistical Ideas of the Past 50 Years?}},
  journal = {Journal of the American Statistical Association},
  volume = {116},
  number = {536},
  pages = {2087-2097},
  year  = {2021},
  publisher = {Taylor and Francis},
  doi = {10.1080/01621459.2021.1938081},
  URL = {https://doi.org/10.1080/01621459.2021.1938081},
  eprint = {https://doi.org/10.1080/01621459.2021.1938081}
}

@article{brom:woo:2018,
  author = {Karl W. Broman and Kara H. Woo},
  title = {{Data Organization in Spreadsheets}},
  journal = {The American Statistician},
  volume = {72},
  number = {1},
  pages = {2-10},
  year  = {2018},
  publisher = {Taylor & Francis},
  doi = {10.1080/00031305.2017.1375989},
  URL = {https://doi.org/10.1080/00031305.2017.1375989},
  eprint = {https://doi.org/10.1080/00031305.2017.1375989}
}


@book{bish:fien:1975,
    author = {Bishop, Yvonne M. M. and Fienberg, Stephen E. and Holland, Paul W.},
    title = {Discrete Multivariate Analyses: Theory and Practice},
    year = {1975},
    pages = {557},
    publisher = {Boston, MA: MIT Press}
}   




@article{mitchener2023,
	title = {Sovereign Debt in the Twenty-first Century},
	author = {Mitchener, Kris James and Trebesch, Christoph},
	year = {2023},
	month = {06},
	date = {2023-06-01},
	journal = {Journal of Economic Literature},
	pages = {565--623},
	volume = {61},
	number = {2},
	doi = {10.1257/jel.20211362},
	url = {https://pubs.aeaweb.org/doi/10.1257/jel.20211362},
	langid = {en}
}

@article{broner2013,
	title = {Why Do Emerging Economies Borrow Short Term?},
	author = {Broner, Fernando A. and Lorenzoni, Guido and Schmukler, Sergio L.},
	year = {2013},
	date = {2013},
	journal = {Journal of the European Economic Association},
	pages = {67--100},
	volume = {11},
	url = {https://www.jstor.org/stable/23355060},
	note = {Publisher: Oxford University Press}
}

@article{aguiar,
	title = {Quantitative Models of Sovereign Debt Crises},
	author = {Aguiar, Mark and Chatterjee, Satyajit and Cole, Harold and Stangebye, Zachary},
	doi = {10.3386/w22125}
}

@article{krishnamurthy,
	title = {How Credit Cycles across a Financial Crisis},
	author = {Krishnamurthy, Arvind and Muir, Tyler},
	doi = {10.3386/w23850}
}

@article{yeyati2011,
	title = {The elusive costs of sovereign defaults},
	author = {Yeyati, Eduardo Levy and Panizza, Ugo},
	year = {2011},
	month = {01},
	date = {2011-01-01},
	journal = {Journal of Development Economics},
	pages = {95--105},
	volume = {94},
	number = {1},
	doi = {10.1016/j.jdeveco.2009.12.005},
	url = {https://www.sciencedirect.com/science/article/pii/S0304387810000027},
	langid = {en}
}

@article{mendoza2012,
	title = {A General Equilibrium Model of Sovereign Default and Business Cycles},
	author = {Mendoza, E. G. and Yue, V. Z.},
	year = {2012},
	month = {05},
	date = {2012-05-01},
	journal = {The Quarterly Journal of Economics},
	pages = {889--946},
	volume = {127},
	number = {2},
	doi = {10.1093/qje/qjs009},
	url = {https://academic.oup.com/qje/article-lookup/doi/10.1093/qje/qjs009},
	langid = {en}
}

@techreport{corsetti2012,
	title = {Sovereign Risk, Fiscal Policy, and Macroeconomic Stability},
	author = {Corsetti, Giancarlo and Kuester, Keith and Meier, Andre and {Müller}, Gernot},
	year = {2012},
	month = {01},
	date = {2012-01},
	url = {https://econpapers.repec.org/paper/cprceprdp/8779.htm}
}

@misc{das2010,
	title = {Sovereign Default Risk and Private Sector Access to Capital in Emerging Markets},
	author = {Das, Udaibir S. and Papaioannou, Michael G. and Trebesch, Christoph},
	year = {2010},
	month = {01},
	date = {2010-01},
	url = {https://www.imf.org/en/Publications/WP/Issues/2016/12/31/Sovereign-Default-Risk-and-Private-Sector-Access-to-Capital-in-Emerging-Markets-23510},
	langid = {ENG}
}

@article{gourinchas2016,
	title = {The Analytics of the Greek Crisis},
	author = {Gourinchas, Pierre-Olivier and Philippon, Thomas and Vayanos, Dimitri},
	year = {2016},
	month = {04},
	date = {2016-04-13},
	langid = {en}
}

@article{arellano,
	title = {Sovereign Default Risk and Firm Heterogeneity},
	author = {Arellano, Cristina and Bai, Yan and Bocola, Luigi},
	doi = {10.3386/w23314}
}



@article{almeida2017,
	title = {The Real Effects of Credit Ratings: The Sovereign Ceiling Channel},
	author = {Almeida, Heitor and Cunha, Igor and Ferreira, Miguel A. and Restrepo, Felipe},
	year = {2017},
	date = {2017},
	journal = {The Journal of Finance},
	pages = {249--290},
	volume = {72},
	number = {1},
	doi = {10.1111/jofi.12434},
	url = {https://onlinelibrary.wiley.com/doi/abs/10.1111/jofi.12434},
	note = {{\_}eprint: https://onlinelibrary.wiley.com/doi/pdf/10.1111/jofi.12434},
	langid = {en}
}

@article{brutti2015,
	title = {Transmission of sovereign risk in the Euro crisis},
	author = {Brutti, Filippo and {Sauré}, Philip},
	year = {2015},
	month = {11},
	date = {2015-11-01},
	journal = {Journal of International Economics},
	pages = {231--248},
	volume = {97},
	number = {2},
	doi = {10.1016/j.jinteco.2015.03.009},
	url = {https://www.sciencedirect.com/science/article/pii/S002219961500063X},
	langid = {en}
}

@article{bahaj2020,
	title = {Sovereign spreads in the Euro area: Cross border transmission and macroeconomic implications},
	author = {Bahaj, Saleem},
	year = {2020},
	month = {04},
	date = {2020-04-01},
	journal = {Journal of Monetary Economics},
	pages = {116--135},
	volume = {110},
	doi = {10.1016/j.jmoneco.2019.01.006},
	url = {https://www.sciencedirect.com/science/article/pii/S0304393219300066},
	langid = {en}
}

@article{caballero2017,
	title = {The Safe Assets Shortage Conundrum},
	author = {Caballero, Ricardo J. and Farhi, Emmanuel and Gourinchas, Pierre-Olivier},
	year = {2017},
	month = {08},
	date = {2017-08},
	journal = {Journal of Economic Perspectives},
	pages = {29--46},
	volume = {31},
	number = {3},
	doi = {10.1257/jep.31.3.29},
	url = {https://www.aeaweb.org/articles?id=10.1257/jep.31.3.29},
	langid = {en}
}

@article{duarte2015,
	title = {The Equity Risk Premium: A Review of Models},
	author = {Duarte, Fernando and Rosa, Carlo},
	year = {2015},
	date = {2015},
	journal = {SSRN Electronic Journal},
	doi = {10.2139/ssrn.2646037},
	url = {http://www.ssrn.com/abstract=2646037},
	langid = {en}
}

@article{rozada2006,
	title = {Global Factors and Emerging Market Spreads},
	author = {Rozada, {Martín González} and Yeyati, Eduardo Levy},
	year = {2006},
	month = {05},
	date = {2006-05-01},
	url = {https://publications.iadb.org/en/publication/global-factors-and-emerging-market-spreads},
	note = {Publisher: Inter-American Development Bank},
	langid = {English}
}

@article{gonzález-rozada2008,
	title = {Global Factors and Emerging Market Spreads},
	author = {{González{-}Rozada}, {Martín} and Yeyati, Eduardo Levy},
	year = {2008},
	month = {11},
	date = {2008-11-01},
	journal = {The Economic Journal},
	pages = {1917--1936},
	volume = {118},
	number = {533},
	doi = {10.1111/j.1468-0297.2008.02196.x},
	url = {https://doi.org/10.1111/j.1468-0297.2008.02196.x}
}

@article{longstaff2011,
	title = {How Sovereign Is Sovereign Credit Risk?},
	author = {Longstaff, Francis A. and Pan, Jun and Pedersen, Lasse H. and Singleton, Kenneth J.},
	year = {2011},
	date = {2011},
	journal = {American Economic Journal: Macroeconomics},
	pages = {75--103},
	volume = {3},
	number = {2},
	doi = {10.1257/mac.3.2.75},
	url = {https://www.proquest.com/econlit/docview/859284195/82B6BB46FEE9476EPQ/1},
	note = {Num Pages: 29},
	langid = {English}
}

@article{ferrando2017,
	title = {Sovereign stress and SMEs{\textquoteright} access to finance: Evidence from the ECB's SAFE survey},
	author = {Ferrando, Annalisa and Popov, Alexander and Udell, Gregory F.},
	year = {2017},
	month = {08},
	date = {2017-08-01},
	journal = {Journal of Banking and Finance},
	pages = {65--80},
	volume = {81},
	doi = {10.1016/j.jbankfin.2017.04.012},
	url = {https://www.sciencedirect.com/science/article/pii/S0378426617301000},
	langid = {en}
}


@article{mauro2002,
	title = {Emerging Market Spreads: Then versus Now*},
	author = {Mauro, Paolo and Sussman, Nathan and Yafeh, Yishay},
	year = {2002},
	month = {05},
	date = {2002-05-01},
	journal = {The Quarterly Journal of Economics},
	pages = {695--733},
	volume = {117},
	number = {2},
	doi = {10.1162/003355302753650364},
	url = {https://doi.org/10.1162/003355302753650364}
}

@article{meyer2022,
	title = {Sovereign Bonds Since Waterloo*},
	author = {Meyer, Josefin and Reinhart, Carmen M and Trebesch, Christoph},
	year = {2022},
	month = {08},
	date = {2022-08-01},
	journal = {The Quarterly Journal of Economics},
	pages = {1615--1680},
	volume = {137},
	number = {3},
	doi = {10.1093/qje/qjac007},
	url = {https://doi.org/10.1093/qje/qjac007}
}

@techreport{reinhart2008,
	title = {This Time is Different: A Panoramic View of Eight Centuries of Financial Crises},
	author = {Reinhart, Carmen and Rogoff, Kenneth},
	year = {2008},
	month = {03},
	date = {2008-03},
	pages = {w13882},
	doi = {10.3386/w13882},
	url = {http://www.nber.org/papers/w13882.pdf},
	note = {DOI: 10.3386/w13882},
	address = {Cambridge, MA},
	langid = {en}
}

@article{alfaro2014,
	title = {Sovereigns, Upstream Capital Flows, and Global Imbalances},
	author = {Alfaro, Laura and Kalemli-Ozcan, Sebnem and Volosovych, Vadym},
	year = {2014},
	date = {2014},
	journal = {Journal of the European Economic Association},
	pages = {1240--1284},
	volume = {12},
	number = {5},
	doi = {10.1111/jeea.12106},
	url = {https://onlinelibrary.wiley.com/doi/abs/10.1111/jeea.12106},
	note = {{\_}eprint: https://onlinelibrary.wiley.com/doi/pdf/10.1111/jeea.12106},
	langid = {en}
}

@article{gourinchas,
	title = {Capital Flows to Developing Countries: The Allocation Puzzle},
	author = {Gourinchas, Pierre-Olivier and Jeanne, Olivier},
	doi = {10.3386/w13602}
}

@article{horn2021,
	title = {China's overseas lending},
	author = {Horn, Sebastian and Reinhart, Carmen M. and Trebesch, Christoph},
	year = {2021},
	month = {11},
	date = {2021-11-01},
	journal = {Journal of International Economics},
	pages = {103539},
	volume = {133},
	doi = {10.1016/j.jinteco.2021.103539},
	url = {https://www.sciencedirect.com/science/article/pii/S0022199621001197},
	langid = {en}
}

@misc{berman,
	title = {What Happens When the U.S. Hits Its Debt Ceiling?},
	author = {Berman, Noah},
	url = {https://www.cfr.org/backgrounder/what-happens-when-us-hits-its-debt-ceiling},
	langid = {en}
}

@misc{bivens,
	title = {Weaponizing the debt limit should not be normalized: President Biden should do {\textquotedblleft}whatever it takes{\textquotedblright} to avoid an economic catastrophe},
	author = {Bivens, Josh and Sanders, Samantha},
	url = {https://www.epi.org/blog/weaponizing-the-debt-limit-should-not-be-normalized-president-biden-should-do-whatever-it-takes-to-avoid-an-economic-catastrophe/},
	langid = {canadian}
}

@misc{boesler,
	title = {Here's The Debt Ceiling Warning Chart That Everyone On Wall Street Is Passing Around},
	author = {Boesler, Matthew},
	url = {https://www.businessinsider.com/wall-street-watching-debt-ceiling-chart-2013-10},
	langid = {canadian}
}


@misc{rao2023,
	title = {Bets offering 2,400% payout on U.S. default lure growing crowd - BNN Bloomberg},
	author = {Rao, Sujata and Tsekova, Denitsa and McCormick, Liz Capo},
	year = {2023},
	month = {04},
	date = {2023-04-28},
	url = {https://www.bnnbloomberg.ca/bets-offering-2-400-payout-on-us-default-lure-growing-crowd-1.1913660},
	note = {Section: International}
}

@misc{steinmetz-silber,
	title = {Debt ceiling brinksmanship has clear negative effects on taxpayers},
	author = {Steinmetz-Silber, Noadia and Edelberg, Wendy},
	url = {https://www.brookings.edu/articles/debt-ceiling-brinksmanship-has-clear-negative-effects-on-taxpayers/},
	langid = {canadian}
}

@article{benzoni,
	title = {What Does the CDS Market Imply for a U.S. Default?},
	author = {Benzoni, Luca and Cabanilla, Christian and Cocco, Alessandro and Kavoussi, Cullen},
	doi = {10.2139/ssrn.4425075},
	langid = {en}
}

@article{nippani2017,
	title = {Recent Evidence on Political Brinkmanship and Treasury Yields},
	author = {Nippani, Srinivas and Parnes, Dror},
	year = {2017},
	date = {2017},
	journal = {Journal of Financial Economic Policy},
	pages = {324--337},
	volume = {9},
	number = {3},
	url = {https://www.proquest.com/econlit/docview/1999340687/B1D31AFFB694A8FPQ/2},
	note = {Num Pages: 14},
	langid = {English}
}


@misc{cook2023,
	title = {Why Debt-Ceiling Brinkmanship Feels Different This Time},
	author = {Cook, Charlie},
	year = {2023},
	month = {01},
	date = {2023-01-19},
	url = {https://www.cookpolitical.com/analysis/national/national-politics/why-debt-ceiling-brinkmanship-feels-different-time},
	langid = {en}
}

@misc{desilver2022,
	title = {The polarization in today{\textquoteright}s Congress has roots that go back decades},
	author = {Desilver, Drew},
	year = {2022},
	month = {03},
	date = {2022-03-10},
	url = {https://www.pewresearch.org/short-reads/2022/03/10/the-polarization-in-todays-congress-has-roots-that-go-back-decades/},
	langid = {canadian}
}


@article{yared2019,
	title = {Rising Government Debt: Causes and Solutions for a Decades-Old Trend},
	author = {Yared, Pierre},
	year = {2019},
	month = {05},
	date = {2019-05},
	journal = {Journal of Economic Perspectives},
	pages = {115--140},
	volume = {33},
	number = {2},
	doi = {10.1257/jep.33.2.115},
	langid = {en}
}

@misc{congressionalbudgetoffice2023,
	title = {The Budget and Economic Outlook: 2023 to 2033 | Congressional Budget Office},
	author = {Congressional-Budget-Office},},
	year = {2023},
	month = {02},
	date = {2023-02},
	url = {https://www.cbo.gov/publication/58946},
	langid = {en}
}

@article{battaglini2016,
	title = {A Political Economy Theory of Fiscal Policy and Unemployment},
	author = {Battaglini, Marco and Coate, Stephen},
	year = {2016},
	date = {2016},
	journal = {Journal of the European Economic Association},
	pages = {303--337},
	volume = {14},
	number = {2},
	doi = {10.1111/jeea.12136},
	url = {https://onlinelibrary.wiley.com/doi/abs/10.1111/jeea.12136},
	note = {{\_}eprint: https://onlinelibrary.wiley.com/doi/pdf/10.1111/jeea.12136},
	langid = {en}
}

@article{romer2018,
	title = {Phillips Lecture {\textendash} Why Some Times Are Different: Macroeconomic Policy and the Aftermath of Financial Crises},
	author = {Romer, Christina D. and Romer, David H.},
	year = {2018},
	date = {2018},
	journal = {Economica},
	pages = {1--40},
	volume = {85},
	number = {337},
	doi = {10.1111/ecca.12258},
	url = {https://onlinelibrary.wiley.com/doi/abs/10.1111/ecca.12258},
	note = {{\_}eprint: https://onlinelibrary.wiley.com/doi/pdf/10.1111/ecca.12258},
	langid = {en}
}

@article{obstfeld,
	title = {On Keeping Your Powder Dry: Fiscal Foundations of Financial and Price Stability},
	author = {Obstfeld, Maurice},
	langid = {en}
}

@article{wolter2013,
	title = {2012 NORC Presidential Election Study | Americans' Views on Entitlement Reform and Health Care},
	author = {Wolter, Kirk and Hansen, Mark and Campbell, Andrea and Ansolabehere, Stephen},
	year = {2013},
	date = {2013},
	langid = {en}
}

@article{jackson2014,
	title = {Present Bias and Collective Dynamic Choice in the Lab},
	author = {Jackson, Matthew O. and Yariv, Leeat},
	year = {2014},
	month = {12},
	date = {2014-12},
	journal = {American Economic Review},
	pages = {4184--4204},
	volume = {104},
	number = {12},
	doi = {10.1257/aer.104.12.4184},
	url = {https://www.aeaweb.org/articles?id=10.1257/aer.104.12.4184},
	langid = {en}
}

@article{jackson2015,
	title = {Collective Dynamic Choice: The Necessity of Time Inconsistency},
	author = {Jackson, Matthew O. and Yariv, Leeat},
	year = {2015},
	month = {11},
	date = {2015-11},
	journal = {American Economic Journal: Microeconomics},
	pages = {150--178},
	volume = {7},
	number = {4},
	doi = {10.1257/mic.20140161},
	url = {https://www.aeaweb.org/articles?id=10.1257/mic.20140161},
	langid = {en}
}

@article{cukierman1989,
	title = {A Political Theory of Government Debt and Deficits in a Neo-Ricardian Framework},
	author = {Cukierman, Alex and Meltzer, Allan H.},
	year = {1989},
	date = {1989},
	journal = {The American Economic Review},
	pages = {713--732},
	volume = {79},
	number = {4},
	url = {https://www.jstor.org/stable/1827928},
	note = {Publisher: American Economic Association}
}

@article{tabellini1991,
	title = {The Politics of Intergenerational Redistribution},
	author = {Tabellini, Guido},
	year = {1991},
	date = {1991},
	journal = {Journal of Political Economy},
	pages = {335--357},
	volume = {99},
	number = {2},
	url = {https://www.jstor.org/stable/2937684},
	note = {Publisher: University of Chicago Press}
}

@article{hertzberg2016,
	title = {TIME-CONSISTENT INDIVIDUALS, TIME-INCONSISTENT HOUSEHOLDS},
	author = {Hertzberg, Andrew},
	year = {2016},
	month = {09},
	date = {2016-09},
	langid = {en}
}

@article{funke2016,
	title = {Going to extremes: Politics after financial crises, 1870{\textendash}2014},
	author = {Funke, Manuel and Schularick, Moritz and Trebesch, Christoph},
	year = {2016},
	month = {09},
	date = {2016-09-01},
	journal = {European Economic Review},
	pages = {227--260},
	series = {SI: The Post-Crisis Slump},
	volume = {88},
	doi = {10.1016/j.euroecorev.2016.03.006},
	url = {https://www.sciencedirect.com/science/article/pii/S0014292116300587}
}

@article{azzimonti2018,
	title = {Partisan conflict and private investment},
	author = {Azzimonti, Marina},
	year = {2018},
	month = {01},
	date = {2018-01},
	journal = {Journal of Monetary Economics},
	pages = {114--131},
	volume = {93},
	doi = {10.1016/j.jmoneco.2017.10.007},
	url = {https://linkinghub.elsevier.com/retrieve/pii/S0304393217301228},
	langid = {en}
}

@article{drazen2000,
	title = {The Political Business Cycle after 25 Years},
	author = {Drazen, Allan},
	year = {2000},
	date = {2000},
	journal = {NBER Macroeconomics Annual},
	pages = {75--117},
	volume = {15},
	doi = {10.2307/3585387},
	url = {https://www.jstor.org/stable/3585387},
	note = {Publisher: University of Chicago Press}
}

@article{alt2006,
	title = {Transparency, Political Polarization, and Political Budget Cycles in OECD Countries},
	author = {Alt, James E. and Lassen, David Dreyer},
	year = {2006},
	date = {2006},
	journal = {American Journal of Political Science},
	pages = {530--550},
	volume = {50},
	number = {3},
	url = {https://ideas.repec.org//a/wly/amposc/v50y2006i3p530-550.html},
	note = {Publisher: John Wiley and Sons},
	langid = {en}
}

@article{jacobson2015,
	title = {It{\textquoteright}s Nothing Personal: The Decline of the Incumbency Advantage in US House Elections},
	author = {Jacobson, Gary C.},
	year = {2015},
	month = {07},
	date = {2015-07},
	journal = {The Journal of Politics},
	pages = {861--873},
	volume = {77},
	number = {3},
	doi = {10.1086/681670},
	url = {https://www.journals.uchicago.edu/doi/abs/10.1086/681670},
	note = {Publisher: The University of Chicago Press}
}
